@misc{armadillo,
  author = {Conrad Sanderson and Ryan Curtin. },
  title = {Armadillo: a template-based C++ library for linear algebra. },
  year = 2016,
  url = {http://arma.sourceforge.net/docs.html#part_classes},
  urldate = {2018-09-10}
}


@misc{HJ-ODE,
  author        = {Morten Hjorth-Jensen},
  title         = {Computational Physics Lectures: Ordinary differential equations},
  month         = {Oct 5},
  year          = {2017},
  publisher={Department of Physics, University of Oslo}
}
@article{Taut,
  title = {Two electrons in an external oscillator potential: Particular analytic solutions of a Coulomb correlation problem},
  author = {Taut, M.},
  journal = {Phys. Rev. A},
  volume = {48},
  issue = {5},
  pages = {3561--3566},
  numpages = {0},
  year = {1993},
  month = {Nov},
  publisher = {American Physical Society},
  doi = {10.1103/PhysRevA.48.3561},
  url = {https://link.aps.org/doi/10.1103/PhysRevA.48.3561}
}

@misc{CPgithub,
  author = {Morten Hjorth-Jensen},
  title = {Repository containing material pertinent to FYS3150 at the University of Oslo},
  year = 2018,
  url = {https://github.com/CompPhysics/ComputationalPhysics/tree/master/doc/Projects/2018/Project3/CodeExamplesOO/cpp/SolarSystemShell},
  urldate = {2018-23-10}
}

@misc{nasadata,
  author = {NASA},
  title = {JPL's HORIZONS system Web-Interface},
  year = 2018,
  url = {http://ssd.jpl.nasa.gov/horizons.cgi#
top.},
  urldate = {2018-24-10}
}